@article{Zoph_Le_2017, title={Neural Architecture Search with Reinforcement Learning}, url={http://arxiv.org/abs/1611.01578}, note={arXiv: 1611.01578}, journal={arXiv:1611.01578 [cs]}, author={Zoph, Barret and Le, Quoc V.}, year={2017}, month={Feb} }
